@misc{Online Tutorials, Courses, and eBooks Library, url={https://www.tutorialspoint.com/cprogramming/index.htm}, journal={Online Tutorials, Courses, and eBooks Library}} 

@misc{Documentação - Overleaf, Editor LaTeX Online, url={https://pt.overleaf.com/learn}, journal={Documentação - Overleaf, Editor LaTeX Online}} 

@misc{Doxygen manual: Overview, url={https://www.doxygen.nl/manual/index.html}, journal={Doxygen manual: Overview}} 